<?xml version='1.0' encoding='UTF-8'?>
<record xmlns="http://www.loc.gov/MARC21/slim">
  <leader>03392cam a2200553 a 4500</leader>
  <controlfield tag="001">457207</controlfield>
  <controlfield tag="003">NjP</controlfield>
  <controlfield tag="005">20170905102816.0</controlfield>
  <controlfield tag="008">880725s1986    ir            001 0 ara d</controlfield>
  <datafield tag="024" ind1="7" ind2=" ">
    <subfield code="a">princeton_aco001537</subfield>
    <subfield code="2">local</subfield>
  </datafield>
  <datafield ind1=" " ind2=" " tag="035">
    <subfield code="a">(OCoLC)ocn175392908</subfield>
  </datafield>
  <datafield ind1=" " ind2=" " tag="035">
    <subfield code="a">(OCoLC)175392908</subfield>
  </datafield>
  <datafield ind1=" " ind2=" " tag="035">
    <subfield code="a">(CStRLIN)NJPG88-B37117</subfield>
  </datafield>
  <datafield ind1=" " ind2=" " tag="035">
    <subfield code="9">ACD2854TS</subfield>
  </datafield>
  <datafield ind1=" " ind2=" " tag="035">
    <subfield code="a">(NjP)457207</subfield>
  </datafield>
  <datafield ind1=" " ind2=" " tag="035">
    <subfield code="a">457207</subfield>
  </datafield>
  <datafield ind1=" " ind2=" " tag="040">
    <subfield code="a">PUL</subfield>
    <subfield code="c">PUL</subfield>
    <subfield code="d">PUL</subfield>
  </datafield>
  <datafield ind1="0" ind2=" " tag="041">
    <subfield code="a">ara</subfield>
    <subfield code="h">per</subfield>
  </datafield>
  <datafield ind1=" " ind2=" " tag="049">
    <subfield code="a">PULL</subfield>
  </datafield>
  <datafield ind1=" " ind2=" " tag="079">
    <subfield code="a">ocm22323473</subfield>
  </datafield>
  <datafield ind1="1" ind2=" " tag="100">
    <subfield code="6">880-01</subfield>
    <subfield code="a">Ibn al-Muṭahhar al-Ḥillī, al-Ḥasan ibn Yūsuf,</subfield>
    <subfield code="d">1250-1325.</subfield>
    <subfield code="0">http://id.loc.gov/authorities/names/n84166554</subfield>
  </datafield>
  <datafield ind1="1" ind2="0" tag="240">
    <subfield code="6">880-02</subfield>
    <subfield code="a">Minhāj al-ṣalāaḥ fī ikhtiṣār al-Miṣbāḥ</subfield>
  </datafield>
  <datafield ind1="1" ind2="3" tag="245">
    <subfield code="6">880-03</subfield>
    <subfield code="a">al-Bāb al-ḥādī ʻashar /</subfield>
    <subfield code="c">lil-ʻallāmah al-Ḥilli. Maʻa sharḥayhi al-Nāfiʻ yawm al-ḥashr li-Miqdād ibn ʻAbd Allāh al-Suyūrī wa-Miftāḥ al-bāb li-Abī al-Fatḥ ibn Makhdūm al-Ḥusaynī ; ḥaqqaqahu wa-qaddama ʻalayhi Mahdī Muḥaqqiq.</subfield>
  </datafield>
  <datafield ind1=" " ind2=" " tag="260">
    <subfield code="a">Tihrān :</subfield>
    <subfield code="b">Muʼassasah-i Muṭālaʻāt-i Islāmī-i Dānishgāh-i Makgīl bā hāmkārī-i Dānishgāh-i Tihrān,</subfield>
    <subfield code="c">1365 [1986]</subfield>
  </datafield>
  <datafield ind1=" " ind2=" " tag="300">
    <subfield code="a">[18], 292 p. ;</subfield>
    <subfield code="c">25 cm.</subfield>
  </datafield>
  <datafield ind1=" " ind2="0" tag="440">
    <subfield code="6">880-04</subfield>
    <subfield code="a">Silsilah-i dānish-i Īrānī ;</subfield>
    <subfield code="v">38</subfield>
  </datafield>
  <datafield ind1=" " ind2=" " tag="500">
    <subfield code="a">Title page partially vocalized.</subfield>
  </datafield>
  <datafield ind1=" " ind2=" " tag="500">
    <subfield code="a">Title on added t.p.: al-Bab al-hadi'ashar lil-'Allamah al-Hilli.</subfield>
  </datafield>
  <datafield ind1=" " ind2=" " tag="500">
    <subfield code="a">Includes indexes.</subfield>
  </datafield>
  <datafield ind1=" " ind2="0" tag="650">
    <subfield code="a">Shīʻah</subfield>
    <subfield code="x">Doctrines</subfield>
    <subfield code="v">Early works to 1800.</subfield>
    <subfield code="0">http://id.loc.gov/authorities/subjects/sh2008111616</subfield>
  </datafield>
  <datafield ind1="1" ind2="0" tag="600">
    <subfield code="6">880-05</subfield>
    <subfield code="a">Ibn al-Muṭahhar al-Ḥillī, al-Ḥasan ibn Yūsuf,</subfield>
    <subfield code="d">1250-1325.</subfield>
    <subfield code="t">Bāb al-ḥādī ʻashr.</subfield>
  </datafield>
  <datafield ind1="1" ind2=" " tag="700">
    <subfield code="6">880-08</subfield>
    <subfield code="a">Muḥaqqiq, Mahdī.</subfield>
  </datafield>
  <datafield ind1="1" ind2="2" tag="700">
    <subfield code="6">880-06</subfield>
    <subfield code="a">Suyūrī, al-Miqdād ibn ʻAbd Allāh,</subfield>
    <subfield code="d">-1423.</subfield>
    <subfield code="t">Nāfiʻ yawm al-ḥashr.</subfield>
    <subfield code="f">1986.</subfield>
    <subfield code="0">http://id.loc.gov/authorities/names/n85331637</subfield>
  </datafield>
  <datafield ind1="1" ind2="2" tag="700">
    <subfield code="6">880-07</subfield>
    <subfield code="a">Ḥusaynī, Abū al-Fatḥ ibn Makhdūm,</subfield>
    <subfield code="d">active 1548.</subfield>
    <subfield code="t">Miftāḥ al-bāb.</subfield>
    <subfield code="0">http://id.loc.gov/authorities/names/nr89008027</subfield>
  </datafield>
  <datafield ind1="0" ind2=" " tag="740">
    <subfield code="a">Bab al-hadi'ashar</subfield>
  </datafield>
  <datafield ind1="0" ind2=" " tag="740">
    <subfield code="6">880-09</subfield>
    <subfield code="a">Minhāj al-ṣalāaḥ fī ikhtiṣār al-Miṣbāḥ</subfield>
  </datafield>
  <datafield ind1="1" ind2=" " tag="880">
    <subfield code="6">100-01/r</subfield>
    <subfield code="a">ابن المطهر الحلي، الحسن بن يوسف،</subfield>
    <subfield code="d">1250-1325.</subfield>
  </datafield>
  <datafield ind1="1" ind2="0" tag="880">
    <subfield code="6">240-02/r</subfield>
    <subfield code="a">منهاج الصلاح في اختصار المصباح</subfield>
  </datafield>
  <datafield ind1="1" ind2="2" tag="880">
    <subfield code="6">245-03/r</subfield>
    <subfield code="a">الباب الحادي عشر /</subfield>
    <subfield code="c">للعلامة الحل. مع شرحيه النافع يوم الحشر لمقداد بن عبد الله السيوري ومفتاح الباب لابي الفتح بن مخدوم الحسيني ؛ حققه وقدم عليه مهدي محقق.</subfield>
  </datafield>
  <datafield ind1=" " ind2="0" tag="880">
    <subfield code="6">440-04/r</subfield>
    <subfield code="a">سلسلها دانشا ايراني ؛</subfield>
    <subfield code="v">38</subfield>
  </datafield>
  <datafield ind1="1" ind2="0" tag="880">
    <subfield code="6">600-05/r</subfield>
    <subfield code="a">ابن المطهر الحلي، الحسن بن يوسف،</subfield>
    <subfield code="d">1250-1325.</subfield>
    <subfield code="t">باب الحادي عشر.</subfield>
  </datafield>
  <datafield ind1="1" ind2="2" tag="880">
    <subfield code="6">700-06/r</subfield>
    <subfield code="a">سيوري، المقداد بن عبد الله،</subfield>
    <subfield code="d">-1423.</subfield>
    <subfield code="t">نافع يوم الحشر.</subfield>
    <subfield code="f">1986.</subfield>
  </datafield>
  <datafield ind1="1" ind2="2" tag="880">
    <subfield code="6">700-07/r</subfield>
    <subfield code="a">حسيني، ابو الفتح بن مخدوم،</subfield>
    <subfield code="d">active 1548.</subfield>
    <subfield code="t">مفتاح الباب.</subfield>
  </datafield>
  <datafield ind1="1" ind2=" " tag="880">
    <subfield code="6">700-08/r</subfield>
    <subfield code="a">محقق، مهدي.</subfield>
  </datafield>
  <datafield ind1="0" ind2=" " tag="880">
    <subfield code="6">740-09/r</subfield>
    <subfield code="a">منهاج الصلاح في اختصار المصباح</subfield>
  </datafield>
  <datafield ind1=" " ind2=" " tag="998">
    <subfield code="a">07/19/89</subfield>
    <subfield code="s">9114</subfield>
    <subfield code="n">NjP</subfield>
    <subfield code="w">NJPG88B37117</subfield>
    <subfield code="d">07/25/88</subfield>
    <subfield code="c">KVV</subfield>
    <subfield code="b">KVV</subfield>
    <subfield code="i">890719</subfield>
    <subfield code="l">NJPG</subfield>
  </datafield>
  <datafield ind1=" " ind2=" " tag="911">
    <subfield code="a">19921028</subfield>
  </datafield>
  <datafield ind1=" " ind2=" " tag="912">
    <subfield code="a">19900508000000.0</subfield>
  </datafield>
  <datafield ind1=" " ind2=" " tag="994">
    <subfield code="a">C0</subfield>
    <subfield code="b">PUL</subfield>
  </datafield>
  <datafield ind1=" " ind2=" " tag="999">
    <subfield code="a">457207</subfield>
  </datafield>
  <datafield ind1="0" ind2="0" tag="852">
    <subfield code="0">497467</subfield>
    <subfield code="b">nec</subfield>
    <subfield code="t">1</subfield>
    <subfield code="h">BP194.I263</subfield>
    <subfield code="i">I263 1986</subfield>
  </datafield>
  <datafield ind1=" " ind2=" " tag="959">
    <subfield code="a">2000-06-13 00:00:00 -0400</subfield>
  </datafield>
</record>
